<?xml version="1.0" encoding="UTF-8"?><collection xmlns="http://www.loc.gov/MARC21/slim"><record><leader>00491nam--2200181-i-4500</leader><controlfield tag="001">000020542</controlfield><controlfield tag="002">20161230</controlfield><controlfield tag="005">20161230201033</controlfield><controlfield tag="008">060222s1000------------r-----000-0-rum-d</controlfield><datafield ind1=" " ind2=" " tag="040"><subfield code="a">IFIN-HH</subfield></datafield><datafield ind1=" " ind2=" " tag="041"><subfield code="a">rum</subfield></datafield><datafield ind1=" " ind2=" " tag="080"><subfield code="a">537.8(043)</subfield></datafield><datafield ind1="1" ind2=" " tag="100"><subfield code="a">Pocriciuc, Dorin</subfield></datafield><datafield ind1=" " ind2=" " tag="245"><subfield code="a">Un model covariant de descriere a polarizarii totale prin marimi observabile</subfield><subfield code="b">Teza</subfield><subfield code="c">Dorin pocriciuc</subfield></datafield><datafield ind1=" " ind2=" " tag="260"><subfield code="a">Bucuresti</subfield><subfield code="b">Ifa</subfield><subfield code="c">1995</subfield></datafield><datafield ind1=" " ind2=" " tag="300"><subfield code="a">66p</subfield></datafield><datafield ind1=" " ind2=" " tag="852"><subfield code="a">80468</subfield><subfield code="c">535</subfield></datafield><datafield ind1=" " ind2=" " tag="CAT"><subfield code="a">Sys</subfield><subfield code="c">20101129</subfield><subfield code="h">134855</subfield></datafield></record></collection>